% This file was created with Citavi 5.2.0.8

@book{Cremer.1967,
	author = {Cremer, Lothar and Heckl, Manfred A.},
	year = {1967},
	title = {K{\"o}rperschall: Physikalische Grundlagen und Anwendungen},
	keywords = {01K{\"o}rperschall},
	address = {Berlin, Heidelberg, New York},
	publisher = {{Springer Verlag}},
	isbn = {978-3-642-49922-7}
}

@book{Hopkins.2007,
 author = {Hopkins, C.},
 year = {2007},
 title = {Sound Insulation},
 keywords = {01Luftschall;01Messtechnik;01Schwingungen;01Trittschall;01VibroAkustik;02Abstrahlung;05Koerperschall;LiteraturTransferFunktionenFabian},
 publisher = {Butterworth-Heinemann},
 isbn = {978-0-7506-6526-1}
}

@article{Mayr.2016,
 author = {Mayr, A. R. and Gibbs, B. M.},
 year = {2016},
 title = {Approximate method for obtaining source quantities for calculation of structure-borne sound transmission into lightweight buildings},
 keywords = {01Berechnungsmethoden;01K{\"o}rperschall;02K{\"o}rperschallquellen;02Pr{\"u}fstand;04HolzLeichtBau;05Koerperschall},
 pages = {81--90},
 volume = {110},
 journal = {Applied Acoustics},
 doi = {10.1016/j.apacoust.2016.03.024}
}


@phdthesis{Nusser.2007,
	author = {Nusser, Bernd},
	year = {2007},
	title = {Entwicklung bauakustisch optimierter Trennw{\"a}nde aus Leichtbauplatten auf Basis gewonnener Materialkennwerte},
	keywords = {01Luftschall;02Abstrahlung;02Materialeigenschaften;02Verlustfaktor;03Wand;04HolzLeichtBau;05NaWaRo},
	address = {Rosenheim},
	school = {{Hochschule Rosenheim}},
	type = {Masterarbeit}
}


@misc{ISO162831:2014,
	author = {{ISO 16283-1:2014-06}},
	title = {Acoustics -- Field measurement of sound insulation in buildings and of building elements: Part 1: Airborne sound insulation},
	keywords = {05Koerperschall},
	institution = {{International Organisation for Standardisation}}
}

% This file was created with Citavi 6.3.0.0

@misc{DINENISO800001:201308,
 author = {{DIN EN ISO 80000-1:2013-08}},
 title = {Gr{\"o}{\ss}en und Einheiten: Teil 1: Allgemeines}
}


@misc{DINENISO800004:202001,
 author = {{DIN EN ISO 80000-4:2020-01}},
 title = {Gr{\"o}{\ss}en und Einheiten: Teil 4: Mechanik},
 publisher = {{Beuth Verlag}},
 editor = {{Deutsches Institut f{\"u}r Normung e.V.}}
}


